%%%%%%%%%%%%%%%%%%%%%%%%%%%%%%%%%%%%%%%%%%%%%%%%%%%%%%%%%
%
% LIT REVIEW CLUSTERING
%
%%%%%%%%%%%%%%%%%%%%%%%%%%%%%%%%%%%%%%%%%%%%%%%%%%%%%%%%%
% PAPER 1-2 K-MEANS
@inproceedings{macqueen1967some,
  title={Some methods for classification and analysis of multivariate observations},
  author={MacQueen, James and others},
  booktitle={Proceedings of the fifth Berkeley symposium on mathematical statistics and probability},
  volume={1},
  number={14},
  pages={281--297},
  year={1967},
  organization={Oakland, CA, USA.}
}

@article{lloyd1982least,
  title={Least squares quantization in PCM},
  author={Lloyd, Stuart P},
  journal={Information Theory, IEEE Transactions on},
  volume={28},
  number={2},
  pages={129--137},
  year={1982},
  publisher={IEEE}
}


% PAPER 3 K-MEANS GOOD OPTIMUM
@inproceedings{meilua2006uniqueness,
  title={The uniqueness of a good optimum for k-means},
  author={Meil{\u{a}}, Marina},
  booktitle={Proceedings of the 23rd international conference on Machine learning},
  pages={625--632},
  year={2006},
  organization={ACM}
}


% PAPER 4 CLUSTERING GAP STATISTIC
@article{tibshirani2001estimating,
  title={Estimating the number of clusters in a data set via the gap statistic},
  author={Tibshirani, Robert and Walther, Guenther and Hastie, Trevor},
  journal={Journal of the Royal Statistical Society: Series B (Statistical Methodology)},
  volume={63},
  number={2},
  pages={411--423},
  year={2001},
  publisher={Wiley Online Library}
}


% PAPER 5 L1-norm distance metric
@inproceedings{kashima2008k,
  title={K-means clustering of proportional data using L1 distance},
  author={Kashima, Hisashi and Hu, Jianying and Ray, Bonnie and Singh, Moninder},
  booktitle={Pattern Recognition, 2008. ICPR 2008. 19th International Conference on},
  pages={1--4},
  year={2008},
  organization={IEEE}
}


% PAPER 6 FUZZY SETS FOR K-MEANS
@article{eschrich2003fast,
  title={Fast accurate fuzzy clustering through data reduction},
  author={Eschrich, Steven and Ke, Jingwei and Hall, Lawrence O and Goldgof, Dmitry B},
  journal={Fuzzy Systems, IEEE Transactions on},
  volume={11},
  number={2},
  pages={262--270},
  year={2003},
  publisher={IEEE}
}

% PAPER 6 SUPPLEMENTARY MATERIAL
@article{dunn1973fuzzy,
  title={A Fuzzy relative of the ISODATA process and its use in detecting compact well-separated clusters},
  author={DUNN, JC},
  journal={Journal of Cybernetics},
  volume={3},
  number={3},
  pages={32--57},
  year={1973}
}

@article{bezdek1984fcm,
  title={FCM: The fuzzy c-means clustering algorithm},
  author={Bezdek, James C and Ehrlich, Robert and Full, William},
  journal={Computers \& Geosciences},
  volume={10},
  number={2},
  pages={191--203},
  year={1984},
  publisher={Elsevier}
}



%%%%%%%%%%%%%%%%%%%%%%%%%%%%%%%%%%%%%%%%%%%%%%%%%%%%%%%%%
%
% LIT REVIEW DIMENSIONALITY REDUCTION
%
%%%%%%%%%%%%%%%%%%%%%%%%%%%%%%%%%%%%%%%%%%%%%%%%%%%%%%%%%
% PAPER 7 PCA
@article{abdi2010principal,
  title={Principal component analysis},
  author={Abdi, Herv{\'e} and Williams, Lynne J},
  journal={Wiley Interdisciplinary Reviews: Computational Statistics},
  volume={2},
  number={4},
  pages={433--459},
  year={2010},
  publisher={Wiley Online Library}
}

@article{richardson2009principal,
  title={Principal component analysis},
  author={Richardson, Mark},
  journal={Mathematical Modelling and Scientific Computing, University of Oxford, Oxford, UK},
  year={2009}
}


% PAPER 8 WEIGHTED/ROBUST PCA
@inproceedings{kriegel2008general,
  title={A general framework for increasing the robustness of PCA-based correlation clustering algorithms},
  author={Kriegel, Hans-Peter and Kr{\"o}ger, Peer and Schubert, Erich and Zimek, Arthur},
  booktitle={Scientific and Statistical Database Management},
  pages={418--435},
  year={2008},
  organization={Springer}
}


% PAPER 9 - t-SNE
@article{van2008visualizing,
  title={Visualizing data using t-SNE},
  author={Van der Maaten, Laurens and Hinton, Geoffrey},
  journal={Journal of Machine Learning Research},
  volume={9},
  number={2579-2605},
  pages={85},
  year={2008}
}


% PAPER 10 - DEEP BELIEF NETWORKS WITH t-SNE
@inproceedings{hamel2010learning,
  title={Learning Features from Music Audio with Deep Belief Networks.},
  author={Hamel, Philippe and Eck, Douglas},
  booktitle={ISMIR},
  pages={339--344},
  year={2010},
  organization={Utrecht, The Netherlands}
}




% K-means is NP-HARD
@article{drineas2004clustering,
  title={Clustering large graphs via the singular value decomposition},
  author={Drineas, Petros and Frieze, Alan and Kannan, Ravi and Vempala, Santosh and Vinay, V},
  journal={Machine learning},
  volume={56},
  number={1-3},
  pages={9--33},
  year={2004},
  publisher={Springer}
}



% AGE OF BIG DATA
@article{lohr2012age,
  title={The age of big data},
  author={Lohr, Steve},
  journal={New York Times},
  volume={11},
  year={2012}
}

% CLUSTERING REVIEW PAPER
@article{jain2010,
    author = {Jain, Anil K},
    doi = {10.1016/j.patrec.2009.09.011},
    issn = {0167-8655},
    journal = {Pattern Recognition Letters},
    keywords = {ML,clustering,review,review paper},
    mendeley-tags = {ML,clustering,review,review paper},
    number = {8},
    pages = {651--666},
    publisher = {Elsevier B.V.},
    title = {{Data clustering : 50 years beyond K-means}},
    url = {http://dx.doi.org/10.1016/j.patrec.2009.09.011},
    volume = {31},
    year = {2010}
}

% REVIEW PAPER / CURSE OF DIMENSIONALITY
@article{domingos2012few,
  title={A few useful things to know about machine learning},
  author={Domingos, Pedro},
  journal={Communications of the ACM},
  volume={55},
  number={10},
  pages={78--87},
  year={2012},
  publisher={ACM}
}

% GA AND MACHINE LEARNING
@article{goldberg1988genetic,
  title={Genetic algorithms and machine learning},
  author={Goldberg, David E and Holland, John H},
  journal={Machine learning},
  volume={3},
  number={2},
  pages={95--99},
  year={1988},
  publisher={Springer}
}

% MACHINE LEARNING REVIEW
@incollection{dietterich2002machine,
  title={Machine learning for sequential data: A review},
  author={Dietterich, Thomas G},
  booktitle={Structural, syntactic, and statistical pattern recognition},
  pages={15--30},
  year={2002},
  publisher={Springer}
}

% ML BOOK
@book{bishop2006pattern,
  title={Pattern recognition and machine learning},
  author={Bishop, Christopher M},
  year={2006},
  publisher={springer}
}

% ML BOOK 2
@book{mohri2012foundations,
  title={Foundations of machine learning},
  author={Mohri, Mehryar and Rostamizadeh, Afshin and Talwalkar, Ameet},
  year={2012},
  publisher={MIT press}
}

% PCA BOOK
@book{jolliffe2002principal,
  title={Principal component analysis},
  author={Jolliffe, Ian},
  year={2002},
  publisher={Wiley Online Library}
}


% GA BOOKS / PAPERS
@book{negnevitsky2011artificial,
  title={Artificial Intelligence: A Guide to Intelligent Systems Third Edition},
  author={Negnevitsky, M},
  year={2011},
  publisher={Pearson Education Limited}
}

@article{golberg1989genetic,
  title={Genetic algorithms in search, optimization, and machine learning},
  author={Golberg, David E},
  journal={Addion Wesley},
  volume={1989},
  year={1989}
}

@book{haupt2004practical,
  title={Practical genetic algorithms},
  author={Haupt, Randy L and Haupt, Sue Ellen},
  year={2004},
  publisher={John Wiley \& Sons}
}

@article{srinivas1994genetic,
  title={Genetic algorithms: A survey},
  author={Srinivas, Mandavilli and Patnaik, Lalit M},
  journal={Computer},
  volume={27},
  number={6},
  pages={17--26},
  year={1994},
  publisher={IEEE}
}


% NUMPY
@article{van2011numpy,
  title={The NumPy array: a structure for efficient numerical computation},
  author={Van Der Walt, Stefan and Colbert, S Chris and Varoquaux, Gael},
  journal={Computing in Science \& Engineering},
  volume={13},
  number={2},
  pages={22--30},
  year={2011},
  publisher={AIP Publishing}
}

@inproceedings{de1989using,
    author = {De Jong, Kenneth A. and Spears, William M.},
    title = {Using Genetic Algorithms to Solve NP-complete Problems},
    booktitle = {Proceedings of the Third International Conference on Genetic Algorithms},
    year = {1989},
    isbn = {1-55860-006-3},
    location = {George Mason University, USA},
    pages = {124--132},
    numpages = {9},
    url = {http://dl.acm.org/citation.cfm?id=93126.93172},
    acmid = {93172},
    publisher = {Morgan Kaufmann Publishers Inc.},
    address = {San Francisco, CA, USA},
}

@article{wolpert1997no,
  title={No free lunch theorems for optimization},
  author={Wolpert, David H and Macready, William G},
  journal={Evolutionary Computation, IEEE Transactions on},
  volume={1},
  number={1},
  pages={67--82},
  year={1997},
  publisher={IEEE}
}

% IRIS DATA
@article{bezdek1999will,
  title={Will the real iris data please stand up?},
  author={Bezdek, James C and Keller, James M and Krishnapuram, Raghu and Kuncheva, Ludmila I and Pal, Nikhil R},
  journal={IEEE Transactions on Fuzzy Systems},
  volume={7},
  number={3},
  pages={368--369},
  year={1999}
}


% DUNN INDEX
@article{dunn1973fuzzy,
  title={A fuzzy relative of the ISODATA process and its use in detecting compact well-separated clusters},
  author={Dunn, Joseph C},
  year={1973},
  publisher={Taylor \& Francis}
}

% ORIGINAL IRIS FLOWER DATA SET
@article{fisher1936use,
  title={The use of multiple measurements in taxonomic problems},
  author={Fisher, Ronald A},
  journal={Annals of eugenics},
  volume={7},
  number={2},
  pages={179--188},
  year={1936},
  publisher={Wiley Online Library}
}

% IRIS FLOWER DATA SET CITATIONS/USES FOR CLUSTERING
@article{ben2002support,
  title={Support vector clustering},
  author={Ben-Hur, Asa and Horn, David and Siegelmann, Hava T and Vapnik, Vladimir},
  journal={The Journal of Machine Learning Research},
  volume={2},
  pages={125--137},
  year={2002},
  publisher={JMLR. org}
}

@article{jiang2001two,
  title={Two-phase clustering process for outliers detection},
  author={Jiang, Mon-Fong and Tseng, Shian-Shyong and Su, Chih-Ming},
  journal={Pattern recognition letters},
  volume={22},
  number={6},
  pages={691--700},
  year={2001},
  publisher={Elsevier}
}

 @article{horn2001algorithm,
  title={Algorithm for data clustering in pattern recognition problems based on quantum mechanics},
  author={Horn, David and Gottlieb, Assaf},
  journal={Physical Review Letters},
  volume={88},
  number={1},
  pages={018702},
  year={2001},
  publisher={APS}
}




% C / C++ STANDARDS
@misc{c99,
  title = {{ISO/IEC 9899 – Programming languages – C99 Standard}},
  month = {Dec.},
  year = {1999},
  note = {[Online; accessed Jul. 11, 2015]},
  howpublished={\url{http://www.open-std.org/JTC1/SC22/WG14/www/standards}}
}

@misc{cpp11,
  title = {{ISO/IEC 14882:2014(E) – Programming Languages – C++11 Standard}},
  month = {Jan.},
  year = {2012},
  note = {[Online; accessed Jul. 11, 2015]},
  howpublished={\url{https://isocpp.org/std/the-standard}}
}